<?xml version="1.0" encoding="UTF-8"?><collection xmlns="http://www.loc.gov/MARC21/slim"><record><leader>00632nam--2200169-i-4500</leader><controlfield tag="001">000008079</controlfield><controlfield tag="002">20161230</controlfield><controlfield tag="005">20161230201027</controlfield><controlfield tag="008">060222s1000------------r-----000-0-eng-d</controlfield><datafield ind1=" " ind2=" " tag="040"><subfield code="a">IFIN-HH</subfield></datafield><datafield ind1=" " ind2=" " tag="080"><subfield code="a">539.12:539.14</subfield></datafield><datafield ind1="1" ind2=" " tag="100"><subfield code="a">Harvey, M</subfield></datafield><datafield ind1="1" ind2="0" tag="245"><subfield code="a">Proceedings international conference on properties of nuclear states montreal, canada august 25-30, 1969</subfield><subfield code="b">Comptes rendus conference international sur les proprietes des etats nucleaires montreal, canada 25-30 aout 1969</subfield><subfield code="c">M. harvey</subfield></datafield><datafield ind1=" " ind2=" " tag="260"><subfield code="a">Montreal</subfield><subfield code="b">Presses De L'Universite De Montreal</subfield><subfield code="c">1969</subfield></datafield><datafield ind1=" " ind2=" " tag="300"><subfield code="a">811P</subfield></datafield><datafield ind1=" " ind2=" " tag="852"><subfield code="a">35374</subfield><subfield code="c">539.14</subfield></datafield><datafield ind1=" " ind2=" " tag="CAT"><subfield code="a">Sys</subfield><subfield code="c">20120327</subfield><subfield code="h">164600</subfield></datafield></record></collection>